@article{Ritchie1988,
  title={The C Programming Language},
  author={Ritchie, Dennis and Kernighan, Brian},
  edition={2},
  year={1988},
  publisher={Prentice Hall PTR}
}

@article{Shreiner2013,
  title={Opengl Programming Guide},
  author={Shreiner, Dave and Sellers, Graham and Kessenich, John and Licea-Kane, Bill},
  edition={8},
  year={2013},
  publisher={Addison-Wesley}
}

@article{Fabien2012,
  author = {Sanglard, Fabien},
  title = {Game timers: Issues and Solutions},
  howpublished = "\url{http://fabiensanglard.net/timer_and_framerate/index.php}",
  note="[Online resource]"
}

@article{Gamasutra,
  author = {Gamasutra},
  title = {Multi-threaded game engine},
  howpublished = "\url{http://www.gamasutra.com/view/feature/1830/multithreaded_game_engine_.php}",
  note="[Online resource]"
}

@article{Bitsquid,
  author = {Bitsquid},
  title = {Task-management, a practical example},
  howpublished = "\url{http://bitsquid.blogspot.ro/2010/03/task-management-practical-example.html}",
  note="[Online resource]"
}

@article{Nethack,
  author = {The NetHack DevTeam},
  title = {Nethack},
  howpublished = "\url{http://www.nethack.org/v343/Guidebook.html#_TOCentry_51}",
  note="[Online resource]"
}

