@article{Ritchie1988,
  title={The C Programming Language},
  author={Ritchie, Dennis and Kernighan, Brian},
  edition={2},
  year={1988},
  publisher={Prentice Hall PTR}
}

@article{Shreiner2013,
  title={Opengl Programming Guide},
  author={Shreiner, Dave and Sellers, Graham and Kessenich, John and Licea-Kane, Bill},
  edition={8},
  year={2013},
  publisher={Addison-Wesley}
}

@misc{
    c.fabien,
    author = "Fabien Sanglard",
    title = "Game timers: Issues and Solutions",
    howpublished = "Website",
    year = "2012",
    note = {\url{http://fabiensanglard.net/timer_and_framerate/index.php}\newline Nov 2014}
}

@misc{
    c.gamasutra,
    author = "Gamasutra",
    title = "Multi-threaded game engine",
    howpublished = "Website",
    year = "2006",
    note = {\url{http://www.gamasutra.com/view/feature/1830/multithreaded_game_engine_.php}\newline Dec 2014}
}

@misc{
    c.bitsquid,
    author = "Bitsquid",
    title = "Task-management, a practical example",
    howpublished = "Website",
    year = "2010",
    note = {\url{http://bitsquid.blogspot.ro/2010/03/task-management-practical-example.html}\newline Sep 2014}
}

@misc{
    c.nethack,
    author = "The NetHack DevTeam",
    title = "NetHack",
    howpublished = "Website",
    year = "1987",
    note = {\url{http://www.nethack.org/v343/Guidebook.html#_TOCentry_51}\newline Nov 2014}
}